@article{galefBennett1976,
  author = {Galef, Bennett G},
  title = {Social transmission of acquired behavior: A discussion of tradition and social learning in vertebrates},
  journal = {Advances in the Study of Behavior},
  volume = {6},
  year = {1976},
  pages = {77-100},
  publisher = {Academic Press},
  address = {New York},
} 

@article{nltk,
  author = {http://www.nltk.org}
} 
@article{sklearn,
  author = {http://www.scikit-learn.org}
} 

@article{scipy,
  author = {http://www.scipy.org/}
}


@inproceedings{Gunal,
  title={On feature extraction for spam e-mail detection},
  author={G{\"u}nal, Serkan and Ergin, Semih and G{\"u}lmezo{\u{g}}lu, M Bilginer and Gerek, {\"O} Nezih},
  booktitle={International Workshop on Multimedia Content Representation, Classification and Security},
  pages={635--642},
  year={2006},
  organization={Springer}
}

@article{Vaughan,
  title={Saving private e-mail},
  author={Vaughan-Nichols, Steven J},
  journal={IEEE Spectrum},
  volume={40},
  number={8},
  pages={40--44},
  year={2003}
}

@book{james_hastie_tibshirani,
 author = {James, Gareth and Witten, Daniela and Hastie, Trevor and Tibshirani, Robert},
 title = {An Introduction to Statistical Learning: With Applications in R},
 year = {2014},
 isbn = {1461471370, 9781461471370},
 publisher = {Springer Publishing Company, Incorporated},
} 
